@online {uart,
    title = "Introduction to UART",
    url   = "https://www.weekitech.com/2019/05/13/introduction-to-uart/",
}

@online {uart_frame,
    title = "UART Explained",
    url   = "https://developer.electricimp.com/resources/uart"
}

@online {uart_core,
    title = "UART (VHDL)",
    url   = "https://www.digikey.com/eewiki/pages/viewpage.action?pageId=59507062"
}

@article{fpga_pedal,
  author = "Carson Robles",
  title  = "An FPGA Implementation of Digital Guitar Effects",
  year   = "2019"
}
